<record><leader>00000cas a22000007a 4500</leader><controlfield tag="001">14756293</controlfield><controlfield tag="008">861117d18881889ksudr ne      0    0eng d</controlfield><datafield ind1=" " ind2=" " tag="010"><subfield code="a">sn 86063959 </subfield></datafield><datafield ind1=" " ind2=" " tag="040"><subfield code="a">KSH</subfield><subfield code="b">eng</subfield><subfield code="c">KSH</subfield><subfield code="d">NPT</subfield><subfield code="d">OCLCQ</subfield></datafield><datafield ind1=" " ind2=" " tag="042"><subfield code="a">msc</subfield></datafield><datafield ind1="0" ind2="0" tag="245"><subfield code="a">Canal City daily dispatch.</subfield></datafield><datafield ind1=" " ind2=" " tag="260"><subfield code="a">Arkansas City, Kan. :</subfield><subfield code="b">Dispatch Co.,</subfield><subfield code="c">1888-1889.</subfield></datafield><datafield ind1=" " ind2=" " tag="300"><subfield code="a">2 v. ;</subfield><subfield code="c">59 cm.</subfield></datafield><datafield ind1=" " ind2=" " tag="310"><subfield code="a">Daily (except Sunday)</subfield></datafield><datafield ind1="1" ind2=" " tag="362"><subfield code="a">Vol. 1, no. 281 (Apr. 5, 1888)-v. 2, no. 267 (Apr. 6, 1889).</subfield></datafield><datafield ind1=" " ind2=" " tag="752"><subfield code="a">United States</subfield><subfield code="b">Kansas</subfield><subfield code="c">Cowley</subfield><subfield code="d">Arkansas City.</subfield></datafield><datafield ind1="0" ind2="0" tag="780"><subfield code="t">Evening dispatch (Arkansas City, Kan. : 1887)</subfield><subfield code="w">(DLC)sn 84029082</subfield></datafield><datafield ind1="0" ind2="0" tag="785"><subfield code="t">Evening dispatch (Arkansas City, Kan. : 1889)</subfield><subfield code="w">(DLC)sn 86064056</subfield></datafield></record>